@misc{ning2025picopeerreviewllms,
      title={PiCO: Peer Review in LLMs based on the Consistency Optimization}, 
      author={Kun-Peng Ning and Shuo Yang and Yu-Yang Liu and Jia-Yu Yao and Zhen-Hui Liu and Yong-Hong Tian and Yibing Song and Li Yuan},
      year={2025},
      eprint={2402.01830},
      archivePrefix={arXiv},
      primaryClass={cs.CL},
      url={https://arxiv.org/abs/2402.01830}, 
}

@article{guo2024large,
  title={Large language model based multi-agents: A survey of progress and challenges},
  author={Guo, Taicheng and Chen, Xiuying and Wang, Yaqi and Chang, Ruidi and Pei, Shichao and Chawla, Nitesh V and Wiest, Olaf and Zhang, Xiangliang},
  journal={arXiv preprint arXiv:2402.01680},
  year={2024}
}

@misc{OpenAI2023ChatGPT,
    author = {{OpenAI}},
    title = {Chat Generative Pre-trained Transformer (ChatGPT)},
    howpublished = {\url{https://www.openai.com/}},
    year={2023}
}

@misc{wan2023gptreincontextlearningrelation,
      title={GPT-RE: In-context Learning for Relation Extraction using Large Language Models}, 
      author={Zhen Wan and Fei Cheng and Zhuoyuan Mao and Qianying Liu and Haiyue Song and Jiwei Li and Sadao Kurohashi},
      year={2023},
      eprint={2305.02105},
      archivePrefix={arXiv},
      primaryClass={cs.CL},
      url={https://arxiv.org/abs/2305.02105}, 
}

@misc{yang2025qwen3technicalreport,
      title={Qwen3 Technical Report}, 
      author={An Yang and Anfeng Li and Baosong Yang and Beichen Zhang and Binyuan Hui and Bo Zheng and Bowen Yu and Chang Gao and Chengen Huang and Chenxu Lv and Chujie Zheng and Dayiheng Liu and Fan Zhou and Fei Huang and Feng Hu and Hao Ge and Haoran Wei and Huan Lin and Jialong Tang and Jian Yang and Jianhong Tu and Jianwei Zhang and Jianxin Yang and Jiaxi Yang and Jing Zhou and Jingren Zhou and Junyang Lin and Kai Dang and Keqin Bao and Kexin Yang and Le Yu and Lianghao Deng and Mei Li and Mingfeng Xue and Mingze Li and Pei Zhang and Peng Wang and Qin Zhu and Rui Men and Ruize Gao and Shixuan Liu and Shuang Luo and Tianhao Li and Tianyi Tang and Wenbiao Yin and Xingzhang Ren and Xinyu Wang and Xinyu Zhang and Xuancheng Ren and Yang Fan and Yang Su and Yichang Zhang and Yinger Zhang and Yu Wan and Yuqiong Liu and Zekun Wang and Zeyu Cui and Zhenru Zhang and Zhipeng Zhou and Zihan Qiu},
      year={2025},
      eprint={2505.09388},
      archivePrefix={arXiv},
      primaryClass={cs.CL},
      url={https://arxiv.org/abs/2505.09388}, 
}

@misc{yang2024qwen2technicalreport,
      title={Qwen2 Technical Report}, 
      author={An Yang and Baosong Yang and Binyuan Hui and Bo Zheng and Bowen Yu and Chang Zhou and Chengpeng Li and Chengyuan Li and Dayiheng Liu and Fei Huang and Guanting Dong and Haoran Wei and Huan Lin and Jialong Tang and Jialin Wang and Jian Yang and Jianhong Tu and Jianwei Zhang and Jianxin Ma and Jianxin Yang and Jin Xu and Jingren Zhou and Jinze Bai and Jinzheng He and Junyang Lin and Kai Dang and Keming Lu and Keqin Chen and Kexin Yang and Mei Li and Mingfeng Xue and Na Ni and Pei Zhang and Peng Wang and Ru Peng and Rui Men and Ruize Gao and Runji Lin and Shijie Wang and Shuai Bai and Sinan Tan and Tianhang Zhu and Tianhao Li and Tianyu Liu and Wenbin Ge and Xiaodong Deng and Xiaohuan Zhou and Xingzhang Ren and Xinyu Zhang and Xipin Wei and Xuancheng Ren and Xuejing Liu and Yang Fan and Yang Yao and Yichang Zhang and Yu Wan and Yunfei Chu and Yuqiong Liu and Zeyu Cui and Zhenru Zhang and Zhifang Guo and Zhihao Fan},
      year={2024},
      eprint={2407.10671},
      archivePrefix={arXiv},
      primaryClass={cs.CL},
      url={https://arxiv.org/abs/2407.10671}, 
}

@misc{grattafiori2024llama3herdmodels,
      title={The Llama 3 Herd of Models}, 
      author={Aaron Grattafiori and Abhimanyu Dubey and Abhinav Jauhri and Abhinav Pandey and Abhishek Kadian and Ahmad Al-Dahle and Aiesha Letman and Akhil Mathur and Alan Schelten and Alex Vaughan and Amy Yang and Angela Fan and Anirudh Goyal and Anthony Hartshorn and Aobo Yang and Archi Mitra and Archie Sravankumar and Artem Korenev and Arthur Hinsvark and Arun Rao and Aston Zhang and Aurelien Rodriguez and Austen Gregerson and Ava Spataru and Baptiste Roziere and Bethany Biron and Binh Tang and Bobbie Chern and Charlotte Caucheteux and Chaya Nayak and Chloe Bi and Chris Marra and Chris McConnell and Christian Keller and Christophe Touret and Chunyang Wu and Corinne Wong and Cristian Canton Ferrer and Cyrus Nikolaidis and Damien Allonsius and Daniel Song and Danielle Pintz and Danny Livshits and Danny Wyatt and David Esiobu and Dhruv Choudhary and Dhruv Mahajan and Diego Garcia-Olano and Diego Perino and Dieuwke Hupkes and Egor Lakomkin and Ehab AlBadawy and Elina Lobanova and Emily Dinan and Eric Michael Smith and Filip Radenovic and Francisco Guzmán and Frank Zhang and Gabriel Synnaeve and Gabrielle Lee and Georgia Lewis Anderson and Govind Thattai and Graeme Nail and Gregoire Mialon and Guan Pang and Guillem Cucurell and Hailey Nguyen and Hannah Korevaar and Hu Xu and Hugo Touvron and Iliyan Zarov and Imanol Arrieta Ibarra and Isabel Kloumann and Ishan Misra and Ivan Evtimov and Jack Zhang and Jade Copet and Jaewon Lee and Jan Geffert and Jana Vranes and Jason Park and Jay Mahadeokar and Jeet Shah and Jelmer van der Linde and Jennifer Billock and Jenny Hong and Jenya Lee and Jeremy Fu and Jianfeng Chi and Jianyu Huang and Jiawen Liu and Jie Wang and Jiecao Yu and Joanna Bitton and Joe Spisak and Jongsoo Park and Joseph Rocca and Joshua Johnstun and Joshua Saxe and Junteng Jia and Kalyan Vasuden Alwala and Karthik Prasad and Kartikeya Upasani and Kate Plawiak and Ke Li and Kenneth Heafield and Kevin Stone and Khalid El-Arini and Krithika Iyer and Kshitiz Malik and Kuenley Chiu and Kunal Bhalla and Kushal Lakhotia and Lauren Rantala-Yeary and Laurens van der Maaten and Lawrence Chen and Liang Tan and Liz Jenkins and Louis Martin and Lovish Madaan and Lubo Malo and Lukas Blecher and Lukas Landzaat and Luke de Oliveira and Madeline Muzzi and Mahesh Pasupuleti and Mannat Singh and Manohar Paluri and Marcin Kardas and Maria Tsimpoukelli and Mathew Oldham and Mathieu Rita and Maya Pavlova and Melanie Kambadur and Mike Lewis and Min Si and Mitesh Kumar Singh and Mona Hassan and Naman Goyal and Narjes Torabi and Nikolay Bashlykov and Nikolay Bogoychev and Niladri Chatterji and Ning Zhang and Olivier Duchenne and Onur Çelebi and Patrick Alrassy and Pengchuan Zhang and Pengwei Li and Petar Vasic and Peter Weng and Prajjwal Bhargava and Pratik Dubal and Praveen Krishnan and Punit Singh Koura and Puxin Xu and Qing He and Qingxiao Dong and Ragavan Srinivasan and Raj Ganapathy and Ramon Calderer and Ricardo Silveira Cabral and Robert Stojnic and Roberta Raileanu and Rohan Maheswari and Rohit Girdhar and Rohit Patel and Romain Sauvestre and Ronnie Polidoro and Roshan Sumbaly and Ross Taylor and Ruan Silva and Rui Hou and Rui Wang and Saghar Hosseini and Sahana Chennabasappa and Sanjay Singh and Sean Bell and Seohyun Sonia Kim and Sergey Edunov and Shaoliang Nie and Sharan Narang and Sharath Raparthy and Sheng Shen and Shengye Wan and Shruti Bhosale and Shun Zhang and Simon Vandenhende and Soumya Batra and Spencer Whitman and Sten Sootla and Stephane Collot and Suchin Gururangan and Sydney Borodinsky and Tamar Herman and Tara Fowler and Tarek Sheasha and Thomas Georgiou and Thomas Scialom and Tobias Speckbacher and Todor Mihaylov and Tong Xiao and Ujjwal Karn and Vedanuj Goswami and Vibhor Gupta and Vignesh Ramanathan and Viktor Kerkez and Vincent Gonguet and Virginie Do and Vish Vogeti and Vítor Albiero and Vladan Petrovic and Weiwei Chu and Wenhan Xiong and Wenyin Fu and Whitney Meers and Xavier Martinet and Xiaodong Wang and Xiaofang Wang and Xiaoqing Ellen Tan and Xide Xia and Xinfeng Xie and Xuchao Jia and Xuewei Wang and Yaelle Goldschlag and Yashesh Gaur and Yasmine Babaei and Yi Wen and Yiwen Song and Yuchen Zhang and Yue Li and Yuning Mao and Zacharie Delpierre Coudert and Zheng Yan and Zhengxing Chen and Zoe Papakipos and Aaditya Singh and Aayushi Srivastava and Abha Jain and Adam Kelsey and Adam Shajnfeld and Adithya Gangidi and Adolfo Victoria and Ahuva Goldstand and Ajay Menon and Ajay Sharma and Alex Boesenberg and Alexei Baevski and Allie Feinstein and Amanda Kallet and Amit Sangani and Amos Teo and Anam Yunus and Andrei Lupu and Andres Alvarado and Andrew Caples and Andrew Gu and Andrew Ho and Andrew Poulton and Andrew Ryan and Ankit Ramchandani and Annie Dong and Annie Franco and Anuj Goyal and Aparajita Saraf and Arkabandhu Chowdhury and Ashley Gabriel and Ashwin Bharambe and Assaf Eisenman and Azadeh Yazdan and Beau James and Ben Maurer and Benjamin Leonhardi and Bernie Huang and Beth Loyd and Beto De Paola and Bhargavi Paranjape and Bing Liu and Bo Wu and Boyu Ni and Braden Hancock and Bram Wasti and Brandon Spence and Brani Stojkovic and Brian Gamido and Britt Montalvo and Carl Parker and Carly Burton and Catalina Mejia and Ce Liu and Changhan Wang and Changkyu Kim and Chao Zhou and Chester Hu and Ching-Hsiang Chu and Chris Cai and Chris Tindal and Christoph Feichtenhofer and Cynthia Gao and Damon Civin and Dana Beaty and Daniel Kreymer and Daniel Li and David Adkins and David Xu and Davide Testuggine and Delia David and Devi Parikh and Diana Liskovich and Didem Foss and Dingkang Wang and Duc Le and Dustin Holland and Edward Dowling and Eissa Jamil and Elaine Montgomery and Eleonora Presani and Emily Hahn and Emily Wood and Eric-Tuan Le and Erik Brinkman and Esteban Arcaute and Evan Dunbar and Evan Smothers and Fei Sun and Felix Kreuk and Feng Tian and Filippos Kokkinos and Firat Ozgenel and Francesco Caggioni and Frank Kanayet and Frank Seide and Gabriela Medina Florez and Gabriella Schwarz and Gada Badeer and Georgia Swee and Gil Halpern and Grant Herman and Grigory Sizov and Guangyi and Zhang and Guna Lakshminarayanan and Hakan Inan and Hamid Shojanazeri and Han Zou and Hannah Wang and Hanwen Zha and Haroun Habeeb and Harrison Rudolph and Helen Suk and Henry Aspegren and Hunter Goldman and Hongyuan Zhan and Ibrahim Damlaj and Igor Molybog and Igor Tufanov and Ilias Leontiadis and Irina-Elena Veliche and Itai Gat and Jake Weissman and James Geboski and James Kohli and Janice Lam and Japhet Asher and Jean-Baptiste Gaya and Jeff Marcus and Jeff Tang and Jennifer Chan and Jenny Zhen and Jeremy Reizenstein and Jeremy Teboul and Jessica Zhong and Jian Jin and Jingyi Yang and Joe Cummings and Jon Carvill and Jon Shepard and Jonathan McPhie and Jonathan Torres and Josh Ginsburg and Junjie Wang and Kai Wu and Kam Hou U and Karan Saxena and Kartikay Khandelwal and Katayoun Zand and Kathy Matosich and Kaushik Veeraraghavan and Kelly Michelena and Keqian Li and Kiran Jagadeesh and Kun Huang and Kunal Chawla and Kyle Huang and Lailin Chen and Lakshya Garg and Lavender A and Leandro Silva and Lee Bell and Lei Zhang and Liangpeng Guo and Licheng Yu and Liron Moshkovich and Luca Wehrstedt and Madian Khabsa and Manav Avalani and Manish Bhatt and Martynas Mankus and Matan Hasson and Matthew Lennie and Matthias Reso and Maxim Groshev and Maxim Naumov and Maya Lathi and Meghan Keneally and Miao Liu and Michael L. Seltzer and Michal Valko and Michelle Restrepo and Mihir Patel and Mik Vyatskov and Mikayel Samvelyan and Mike Clark and Mike Macey and Mike Wang and Miquel Jubert Hermoso and Mo Metanat and Mohammad Rastegari and Munish Bansal and Nandhini Santhanam and Natascha Parks and Natasha White and Navyata Bawa and Nayan Singhal and Nick Egebo and Nicolas Usunier and Nikhil Mehta and Nikolay Pavlovich Laptev and Ning Dong and Norman Cheng and Oleg Chernoguz and Olivia Hart and Omkar Salpekar and Ozlem Kalinli and Parkin Kent and Parth Parekh and Paul Saab and Pavan Balaji and Pedro Rittner and Philip Bontrager and Pierre Roux and Piotr Dollar and Polina Zvyagina and Prashant Ratanchandani and Pritish Yuvraj and Qian Liang and Rachad Alao and Rachel Rodriguez and Rafi Ayub and Raghotham Murthy and Raghu Nayani and Rahul Mitra and Rangaprabhu Parthasarathy and Raymond Li and Rebekkah Hogan and Robin Battey and Rocky Wang and Russ Howes and Ruty Rinott and Sachin Mehta and Sachin Siby and Sai Jayesh Bondu and Samyak Datta and Sara Chugh and Sara Hunt and Sargun Dhillon and Sasha Sidorov and Satadru Pan and Saurabh Mahajan and Saurabh Verma and Seiji Yamamoto and Sharadh Ramaswamy and Shaun Lindsay and Shaun Lindsay and Sheng Feng and Shenghao Lin and Shengxin Cindy Zha and Shishir Patil and Shiva Shankar and Shuqiang Zhang and Shuqiang Zhang and Sinong Wang and Sneha Agarwal and Soji Sajuyigbe and Soumith Chintala and Stephanie Max and Stephen Chen and Steve Kehoe and Steve Satterfield and Sudarshan Govindaprasad and Sumit Gupta and Summer Deng and Sungmin Cho and Sunny Virk and Suraj Subramanian and Sy Choudhury and Sydney Goldman and Tal Remez and Tamar Glaser and Tamara Best and Thilo Koehler and Thomas Robinson and Tianhe Li and Tianjun Zhang and Tim Matthews and Timothy Chou and Tzook Shaked and Varun Vontimitta and Victoria Ajayi and Victoria Montanez and Vijai Mohan and Vinay Satish Kumar and Vishal Mangla and Vlad Ionescu and Vlad Poenaru and Vlad Tiberiu Mihailescu and Vladimir Ivanov and Wei Li and Wenchen Wang and Wenwen Jiang and Wes Bouaziz and Will Constable and Xiaocheng Tang and Xiaojian Wu and Xiaolan Wang and Xilun Wu and Xinbo Gao and Yaniv Kleinman and Yanjun Chen and Ye Hu and Ye Jia and Ye Qi and Yenda Li and Yilin Zhang and Ying Zhang and Yossi Adi and Youngjin Nam and Yu and Wang and Yu Zhao and Yuchen Hao and Yundi Qian and Yunlu Li and Yuzi He and Zach Rait and Zachary DeVito and Zef Rosnbrick and Zhaoduo Wen and Zhenyu Yang and Zhiwei Zhao and Zhiyu Ma},
      year={2024},
      eprint={2407.21783},
      archivePrefix={arXiv},
      primaryClass={cs.AI},
      url={https://arxiv.org/abs/2407.21783}, 
}

@misc{abdin2024phi3technicalreporthighly,
      title={Phi-3 Technical Report: A Highly Capable Language Model Locally on Your Phone}, 
      author={Marah Abdin and Jyoti Aneja and Hany Awadalla and Ahmed Awadallah and Ammar Ahmad Awan and Nguyen Bach and Amit Bahree and Arash Bakhtiari and Jianmin Bao and Harkirat Behl and Alon Benhaim and Misha Bilenko and Johan Bjorck and Sébastien Bubeck and Martin Cai and Qin Cai and Vishrav Chaudhary and Dong Chen and Dongdong Chen and Weizhu Chen and Yen-Chun Chen and Yi-Ling Chen and Hao Cheng and Parul Chopra and Xiyang Dai and Matthew Dixon and Ronen Eldan and Victor Fragoso and Jianfeng Gao and Mei Gao and Min Gao and Amit Garg and Allie Del Giorno and Abhishek Goswami and Suriya Gunasekar and Emman Haider and Junheng Hao and Russell J. Hewett and Wenxiang Hu and Jamie Huynh and Dan Iter and Sam Ade Jacobs and Mojan Javaheripi and Xin Jin and Nikos Karampatziakis and Piero Kauffmann and Mahoud Khademi and Dongwoo Kim and Young Jin Kim and Lev Kurilenko and James R. Lee and Yin Tat Lee and Yuanzhi Li and Yunsheng Li and Chen Liang and Lars Liden and Xihui Lin and Zeqi Lin and Ce Liu and Liyuan Liu and Mengchen Liu and Weishung Liu and Xiaodong Liu and Chong Luo and Piyush Madan and Ali Mahmoudzadeh and David Majercak and Matt Mazzola and Caio César Teodoro Mendes and Arindam Mitra and Hardik Modi and Anh Nguyen and Brandon Norick and Barun Patra and Daniel Perez-Becker and Thomas Portet and Reid Pryzant and Heyang Qin and Marko Radmilac and Liliang Ren and Gustavo de Rosa and Corby Rosset and Sambudha Roy and Olatunji Ruwase and Olli Saarikivi and Amin Saied and Adil Salim and Michael Santacroce and Shital Shah and Ning Shang and Hiteshi Sharma and Yelong Shen and Swadheen Shukla and Xia Song and Masahiro Tanaka and Andrea Tupini and Praneetha Vaddamanu and Chunyu Wang and Guanhua Wang and Lijuan Wang and Shuohang Wang and Xin Wang and Yu Wang and Rachel Ward and Wen Wen and Philipp Witte and Haiping Wu and Xiaoxia Wu and Michael Wyatt and Bin Xiao and Can Xu and Jiahang Xu and Weijian Xu and Jilong Xue and Sonali Yadav and Fan Yang and Jianwei Yang and Yifan Yang and Ziyi Yang and Donghan Yu and Lu Yuan and Chenruidong Zhang and Cyril Zhang and Jianwen Zhang and Li Lyna Zhang and Yi Zhang and Yue Zhang and Yunan Zhang and Xiren Zhou},
      year={2024},
      eprint={2404.14219},
      archivePrefix={arXiv},
      primaryClass={cs.CL},
      url={https://arxiv.org/abs/2404.14219}, 
}

@misc{abdin2024phi4technicalreport,
      title={Phi-4 Technical Report}, 
      author={Marah Abdin and Jyoti Aneja and Harkirat Behl and Sébastien Bubeck and Ronen Eldan and Suriya Gunasekar and Michael Harrison and Russell J. Hewett and Mojan Javaheripi and Piero Kauffmann and James R. Lee and Yin Tat Lee and Yuanzhi Li and Weishung Liu and Caio C. T. Mendes and Anh Nguyen and Eric Price and Gustavo de Rosa and Olli Saarikivi and Adil Salim and Shital Shah and Xin Wang and Rachel Ward and Yue Wu and Dingli Yu and Cyril Zhang and Yi Zhang},
      year={2024},
      eprint={2412.08905},
      archivePrefix={arXiv},
      primaryClass={cs.CL},
      url={https://arxiv.org/abs/2412.08905}, 
}

@article{liu2024soeval,
  title = {Are LLMs good at structured outputs? A benchmark for evaluating structured output generation},
  author = {Liu, Jian and Wang, Jian and Zhang, Wei and Li, Ming},
  journal = {Information Processing \& Management},
  volume = {61},
  number = {5},
  pages = {103809},
  year = {2024},
  publisher = {Elsevier},
  doi = {10.1016/j.ipm.2024.103809},
  url = {https://doi.org/10.1016/j.ipm.2024.103809}
}

@inproceedings{xia2024fofo,
  title = {{FOFO}: A Benchmark to Evaluate {LLM}s' Format-Following Capability},
  author = {Xia, Congying and Xing, Chen and Du, Jiangshu and Yang, Xinyi and Feng, Yihao and Xu, Ran and Yin, Wenpeng and Xiong, Caiming},
  booktitle = {Proceedings of the 62nd Annual Meeting of the Association for Computational Linguistics (Volume 1: Long Papers)},
  pages = {680--699},
  year = {2024},
  address = {Bangkok, Thailand},
  publisher = {Association for Computational Linguistics},
  doi = {10.18653/v1/2024.acl-long.40},
  url = {https://aclanthology.org/2024.acl-long.40/}
}

@inproceedings{shah2024stackeval,
  title = {StackEval: Benchmarking LLMs in Coding Assistance},
  author = {Shah, Nidhish and Genc, Zulkuf and Araci, Dogu},
  booktitle = {Advances in Neural Information Processing Systems 37 (NeurIPS 2024), Datasets and Benchmarks Track},
  year = {2024},
  url = {https://arxiv.org/abs/2412.05288}
}

@article{lu2021codexglue,
  title = {CodeXGLUE: A Machine Learning Benchmark Dataset for Code Understanding and Generation},
  author = {Lu, Shuai and Guo, Daya and Ren, Shuo and Huang, Junjie and Svyatkovskiy, Alexey and Blanco, Ambrosio and Clement, Colin B. and Drain, Dawn and Jiang, Daxin and Tang, Duyu and Li, Ge and Zhou, Lidong and Shou, Linjun and Zhou, Long and Tufano, Michele and Gong, Ming and Zhou, Ming and Duan, Nan and Sundaresan, Neel and Deng, Shao Kun and Fu, Shengyu and Liu, Shujie},
  journal = {arXiv preprint arXiv:2102.04664},
  year = {2021},
  url = {https://arxiv.org/abs/2102.04664}
}

@misc{jiang2024llmengines,
  title = {LLM-Engines: A unified and parallel inference engine for large language models},
  author = {Dongfu Jiang},
  year = {2024},
  publisher = {GitHub},
  journal = {GitHub repository},
  howpublished = {\url{https://github.com/jdf-prog/LLM-Engines}},
}

@article{tang-etal-2024-struc,
  title={Struc-Bench: Are Large Language Models Really Good at Generating Complex Structured Data?},
  author={Tang, Xiangru and Zong, Yiming and Phang, Jason and Zhao, Yilun and Zhou, Wangchunshu and Cohan, Arman and Gerstein, Mark},
  journal={arXiv preprint arXiv:2309.08963},
  year={2023},
  url={https://arxiv.org/abs/2309.08963}
}

@article{gu2024structext,
  title={StrucText-Eval: Evaluating Large Language Model's Reasoning Ability in Structure-Rich Text},
  author={Gu, Zhouhong and Ye, Haoning and Chen, Xingzhou and Zhou, Zeyang and Feng, Hongwei and Xiao, Yanghua},
  journal={arXiv preprint arXiv:2406.10621},
  year={2024},
  url={https://arxiv.org/abs/2406.10621}
}

@article{Hurst2024GPT4oSC,
  title={GPT-4o System Card},
  author={OpenAI Aaron Hurst and Adam Lerer and Adam P. Goucher and Adam Perelman and Aditya Ramesh and Aidan Clark and AJ Ostrow and Akila Welihinda and Alan Hayes and Alec Radford and Aleksander Mkadry and Alex Baker-Whitcomb and Alex Beutel and Alex Borzunov and Alex Carney and Alex Chow and Alexander Kirillov and Alex Nichol and Alex Paino and Alex Renzin and Alexandre Passos and Alexander Kirillov and Alexi Christakis and Alexis Conneau and Ali Kamali and Allan Jabri and Allison Moyer and Allison Tam and Amadou Crookes and Amin Tootoochian and Amin Tootoonchian and Ananya Kumar and Andrea Vallone and Andrej Karpathy and Andrew Braunstein and Andrew Cann and Andrew Codispoti and Andrew Galu and Andrew Kondrich and Andrew Tulloch and An-drey Mishchenko and Angela Baek and Angela Jiang and An-toine Pelisse and Antonia Woodford and Anuj Gosalia and Arka Dhar and Ashley Pantuliano and Avi Nayak and Avital Oliver and Barret Zoph and B. Ghorbani and Ben Leimberger and Ben Rossen and Benjamin Sokolowsky and Ben Wang and Benjamin Zweig and Beth Hoover and Blake Samic and Bob McGrew and Bobby Spero and Bogo Giertler and Bowen Cheng and Brad Lightcap and Brandon Walkin and Brendan Quinn and Brian Guarraci and Brian Hsu and Bright Kellogg and Brydon Eastman and Camillo Lugaresi and Carroll L. Wainwright and Cary Bassin and Cary Hudson and Casey Chu and Chad Nelson and Chak Li and Chan Jun Shern and Channing Conger and Charlotte Barette and Chelsea Voss and Chen Ding and Cheng Lu and Chong Zhang and Chris Beaumont and Chris Hallacy and Chris Koch and Christian Gibson and Christina Kim and Christine Choi and Christine McLeavey and Chris Hesse and Claudia Fischer and Clemens Winter and Coley Czarnecki and Colin Jarvis and Colin Wei and Constantin Koumouzelis and Dane Sherburn and Daniel Kappler and Daniel Levin and Daniel Levy and David Carr and David Farhi and David M{\'e}ly and David Robinson and David Sasaki and Denny Jin and Dev Valladares and Dimitris Tsipras and Doug Li and Phong Duc Nguyen and Duncan Findlay and Edede Oiwoh and Edmund Wong and Ehsan Asdar and Elizabeth Proehl and Elizabeth Yang and Eric Antonow and Eric Kramer and Eric Peterson and Eric Sigler and Eric Wallace and Eugene Brevdo and Evan Mays and Farzad Khorasani and Felipe Petroski Such and Filippo Raso and Francis Zhang and Fred von Lohmann and Freddie Sulit and Gabriel Goh and Gene Oden and Geoff Salmon and Giulio Starace and Greg Brockman and Hadi Salman and Hai-Biao Bao and Haitang Hu and Hannah Wong and Haoyu Wang and Heather Schmidt and Heather Whitney and Heewoo Jun and Hendrik Kirchner and Henrique Pond{\'e} de Oliveira Pinto and Hongyu Ren and Huiwen Chang and Hyung Won Chung and Ian D. Kivlichan and Ian O’Connell and Ian Osband and Ian Silber and Ian Sohl and İbrahim Cihangir Okuyucu and Ikai Lan and Ilya Kostrikov and Ilya Sutskever and Ingmar Kanitscheider and Ishaan Gulrajani and Jacob Coxon and Jacob Menick and Jakub W. Pachocki and James Aung and James Betker and James Crooks and James Lennon and Jamie Ryan Kiros and Jan Leike and Jane Park and Jason Kwon and Jason Phang and Jason Teplitz and Jason Wei and Jason Wolfe and Jay Chen and Jeff Harris and Jenia Varavva and Jessica Gan Lee and Jessica Shieh and Ji Lin and Jiahui Yu and Jiayi Weng and Jie Tang and Jieqi Yu and Joanne Jang and Joaquin Qui{\~n}onero Candela and Joe Beutler and Joe Landers and Joel Parish and Johannes Heidecke and John Schulman and Jonathan Lachman and Jonathan McKay and Jonathan Uesato and Jonathan Ward and Jong Wook Kim and Joost Huizinga and Jordan Sitkin and Jos Kraaijeveld and Joshua Gross and Josh Kaplan and Josh Snyder and Josh Achiam and Joy Jiao and Joyce Lee and Juntang Zhuang and Justyn Harriman and Kai Fricke and Kai Hayashi and Karan Singhal and Katy Shi and Kavin Karthik and Kayla Wood and Kendra Rimbach and Kenny Hsu and Kenny Nguyen and Keren Gu-Lemberg and Kevin Button and Kevin Liu and Kiel Howe and Krithika Muthukumar and Kyle Luther and Lama Ahmad and Larry Kai and Lauren Itow and Lauren Workman and Leher Pathak and Leo Chen and Li Jing and Lia Guy and Liam Fedus and Liang Zhou and Lien Mamitsuka and Lilian Weng and Lindsay McCallum and Lindsey Held and Ouyang Long and Louis Feuvrier and Lu Zhang and Lukasz Kondraciuk and Lukasz Kaiser and Luke Hewitt and Luke Metz and Lyric Doshi and Mada Aflak and Maddie Simens and Made-laine Boyd and Madeleine Thompson and Marat Dukhan and Mark Chen and Mark Gray and Mark Hudnall and Marvin Zhang and Marwan Aljubeh and Ma-teusz Litwin and Matthew Zeng and Max Johnson and Maya Shetty and Mayank Gupta and Meghan Shah and Mehmet Ali Yatbaz and Mengxue Yang and Mengchao Zhong and Mia Glaese and Mianna Chen and Michael Janner and Michael Lampe and Michael Petrov and Michael Wu and Michele Wang and Michelle Fradin and Michelle Pokrass and Miguel Castro and Miguel Castro and Mikhail Pavlov and Miles Brundage and Miles Wang and Mina Khan and Mira Murati and Mo Bavarian and Molly Lin and Murat Yesildal and Nacho Soto and Natalia Gimelshein and Na-talie Cone and Natalie Staudacher and Natalie Summers and Natan LaFontaine and Neil Chowdhury and Nick Ryder and Nick Stathas and Nick Turley and Nikolas A. Tezak and Niko Felix and Nithanth Kudige and Nitish Shirish Keskar and Noah Deutsch and Noel Bundick and Nora Puckett and Ofir Nachum and Ola Okelola and Oleg Boiko and Oleg Murk and Oliver Jaffe and Olivia Watkins and Olivier Godement and Owen Campbell-Moore and Patrick Chao and Paul McMillan and Pavel Belov and Peng Su and Peter Bak and Peter Bakkum and Peter Deng and Peter Dolan and Peter Hoeschele and Peter Welinder and Phil Tillet and Philip Pronin and Phil Tillet and Prafulla Dhariwal and Qim-ing Yuan and Rachel Dias and Rachel Lim and Rahul Arora and Rajan Troll and Randall Lin and Raphael Gontijo Lopes and Raul Puri and Reah Miyara and Reimar H. Leike and Renaud Gaubert and Reza Zamani and Ricky Wang and Rob Donnelly and Rob Honsby and Rocky Smith and Rohan Sahai and Rohit Ramchandani and Romain Huet and Rory Carmichael and Rowan Zellers and Roy Chen and Ruby Chen and Ruslan Ramilevich Nigmatullin and Ryan Cheu and Saachi Jain and Sam Altman and Sam Schoenholz and Sam Toizer and Samuel Miserendino and Sandhini Agarwal and Sara Culver and Scott Ethersmith and Scott Gray and Sean Grove and Sean Metzger and Shamez Hermani and Shantanu Jain and Shengjia Zhao and Sherwin Wu and Shino Jomoto and Shirong Wu and Shuaiqi Xia and Sonia Phene and Spencer Papay and Srinivas Narayanan and Steve Coffey and Steve Lee and Stewart Hall and Suchir Balaji and Tal Broda and Tal Stramer and Tao Xu and Tarun Gogineni and Taya Christianson and Ted Sanders and Tejal Patwardhan and Thomas Cunninghman and Thomas Degry and Thomas Dimson and Thomas Raoux and Thomas Shadwell and Tianhao Zheng and Todd Underwood and Todor Markov and Toki Sherbakov and Tom Rubin and Tom Stasi and Tomer Kaftan and Tristan Heywood and Troy Peterson and Tyce Walters and Tyna Eloundou and Valerie Qi and Veit Moeller and Vinnie Monaco and Vishal Kuo and Vlad Fomenko and Wayne Chang and Weiyi Zheng and Wenda Zhou and Wesam Manassra and Will Sheu and Wojciech Zaremba and Yash Patil and Yilei Qian and Yongjik Kim and Youlong Cheng and Yu Zhang and Yuchen He and Yuchen Zhang and Yujia Jin and Yunxing Dai and Yury Malkov},
  journal={ArXiv},
  year={2024},
  volume={abs/2410.21276},
  url={https://api.semanticscholar.org/CorpusID:273662196}
}

@article{Contributors2024OpenAIOS,
  title={OpenAI o1 System Card},
  author={Foundational Contributors and Ahmed El-Kishky and Daniel Selsam and Francis Song and Giambattista Parascandolo and Hongyu Ren and Hunter Lightman and Hyung Won and Ilge Akkaya and Ilya Sutskever and Jason Wei and Jonathan Gordon and Karl Cobbe and Kevin Yu and Lukasz Kondraciuk and Max Schwarzer and Mostafa Rohaninejad and Noam Brown and Shengjia Zhao and Trapit Bansal and Vineet Kosaraju and Wenda Zhou Leadership and Jakub W. Pachocki and Jerry Tworek and Liam Fedus and Lukasz Kaiser and Mark Chen and Szymon Sidor and Wojciech Zaremba and Alex Karpenko and Alexander Wei and Allison Tam and Ananya Kumar and Andre Saraiva and Andrew Kondrich and An-drey Mishchenko and Ashvin Nair and B. Ghorbani and Brandon McKinzie and Chak Bry-don Eastman and Ming Li and Chris Koch and Dan Roberts and David Dohan and David M{\'e}ly and Dimitris Tsipras and Enoch Cheung and Eric Wallace and Hadi Salman and Haim-ing Bao and Hessam Bagher-inezhad and Ilya Kostrikov and Jiacheng Feng and John Rizzo and Karina Nguyen and Kevin Lu and Kevin R. Stone and Lorenz Kuhn and Mason Meyer and Mikhail Pavlov and Nat McAleese and Oleg Boiko and Oleg Murk and Peter Zhokhov and Randall Lin and Raz Gaon and Rhythm Garg and Roshan James and Rui Shu and Scott McKinney and Shibani Santurkar and Suchir Balaji and Taylor Gordon and Thomas Dimson and Weiyi Zheng and Aaron Jaech and Adam Lerer and Aiden Low and Alex Carney and Alexander Neitz and Alexander Prokofiev and Benjamin Sokolowsky and Boaz Barak and Borys Minaiev and Botao Hao and Bowen Baker and Brandon Houghton and Camillo Lugaresi and Chelsea Voss and Chen Shen and Chris Orsinger and Daniel Kappler and Daniel Levy and Doug Li and Eben Freeman and Edmund Wong and Fan Wang and Felipe Petroski Such and Foivos Tsimpourlas and Geoff Salmon and Gildas Chabot and Guillaume Leclerc and Hart Andrin and Ian O’Connell and Ignasi Ian Osband and Clavera Gilaberte and Jean Harb and Jiahui Yu and Jiayi Weng and Joe Palermo and John Hallman and Jonathan Ward and Julie Wang and Kai Chen and Katy Shi and Keren Gu-Lemberg and Kevin Liu and Leo Liu and Linden Li and Luke Metz and Maja Trebacz and Manas R. Joglekar and Marko Tintor and Melody Y. Guan and Mengyuan Yan and Mia Glaese and Michael Malek and Michelle Fradin and Mo Bavarian and Nikolas A. Tezak and Ofir Nachum and Paul Ashbourne and Pavel Izmailov and Raphael Gontijo Lopes and Reah Miyara and Reimar H. Leike and Robin Brown and Ryan Cheu and Ryan Greene and Saachi Jain and Scottie Yan and Shengli Hu and Shuyuan Zhang and Siyuan Fu and Spencer Papay and Suvansh Sanjeev and Tao Wang and Ted Sanders and Tejal Patwardhan and Thibault Sottiaux and Tianhao Zheng and T. Garipov and Valerie Qi and Vitchyr H. Pong and Vlad Fomenko and Yinghai Lu and Yining Chen and Yu Bai and Yuchen He and Yuchen Zhang and Zheng Shao and Zhuohan Li and Lauren Yang and Mianna Chen and Aidan Clark and Jieqi Yu and Kai Xiao and Sam Toizer and Sandhini Agarwal and Safety Research and Andrea Vallone and Chong Zhang and Ian D. Kivlichan and Meghan Shah and Sam Toyer and Shraman Ray Chaudhuri and Stephanie Lin and Adam Richardson and Andrew Duberstein and Charles de Bourcy and Dragos Oprica and Florencia Leoni and Made-laine Boyd and Matt Jones and Matt Kaufer and Mehmet Ali Yatbaz and Mengyuan Xu and Mike McClay and Mingxuan Wang and Trevor Creech and Vinnie Monaco and Erik Ritter and Evan Mays and Joel Parish and Jonathan Uesato and Leon Maksin and Michele Wang and Miles Wang and Neil Chowdhury and Olivia Watkins and Patrick Chao and Rachel Dias and Samuel Miserendino and Red Teaming and Lama Ahmad and Michael Lampe and Troy Peterson and Joost Huizinga},
  journal={ArXiv},
  year={2024},
  volume={abs/2412.16720},
  url={https://api.semanticscholar.org/CorpusID:274611667}
}

@article{team2023gemini,
  title={Gemini: a family of highly capable multimodal models},
  author={Team, Gemini and Anil, Rohan and Borgeaud, Sebastian and Alayrac, Jean-Baptiste and Yu, Jiahui and Soricut, Radu and Schalkwyk, Johan and Dai, Andrew M and Hauth, Anja and Millican, Katie and others},
  journal={arXiv preprint arXiv:2312.11805},
  year={2023}
}

@article{Hendrycks2020MeasuringMM,
  title={Measuring Massive Multitask Language Understanding},
  author={Dan Hendrycks and Collin Burns and Steven Basart and Andy Zou and Mantas Mazeika and Dawn Xiaodong Song and Jacob Steinhardt},
  journal={ArXiv},
  year={2020},
  volume={abs/2009.03300},
  url={https://api.semanticscholar.org/CorpusID:221516475}
}

@article{Wang2024MMLUProAM,
  title={MMLU-Pro: A More Robust and Challenging Multi-Task Language Understanding Benchmark},
  author={Yubo Wang and Xueguang Ma and Ge Zhang and Yuansheng Ni and Abhranil Chandra and Shiguang Guo and Weiming Ren and Aaran Arulraj and Xuan He and Ziyan Jiang and Tianle Li and Max W.F. Ku and Kai Wang and Alex Zhuang and Rongqi "Richard" Fan and Xiang Yue and Wenhu Chen},
  journal={ArXiv},
  year={2024},
  volume={abs/2406.01574},
  url={https://api.semanticscholar.org/CorpusID:270210486}
}

@article{Zhuo2024BigCodeBenchBC,
  title={BigCodeBench: Benchmarking Code Generation with Diverse Function Calls and Complex Instructions},
  author={Terry Yue Zhuo and Minh Chien Vu and Jenny Chim and Han Hu and Wenhao Yu and Ratnadira Widyasari and Imam Nur Bani Yusuf and Haolan Zhan and Junda He and Indraneil Paul and Simon Brunner and Chen Gong and Thong Hoang and Armel Randy Zebaze and Xiao-ke Hong and Wen-Ding Li and Jean Kaddour and Minglian Xu and Zhihan Zhang and Prateek Yadav and Naman Jain and Alex Gu and Zhoujun Cheng and Jiawei Liu and Qian Liu and Zijian Wang and David Lo and Binyuan Hui and Niklas Muennighoff and Daniel Fried and Xiao-Nan Du and Harm de Vries and Leandro von Werra},
  journal={ArXiv},
  year={2024},
  volume={abs/2406.15877},
  url={https://api.semanticscholar.org/CorpusID:270702705}
}

@article{Jain2024LiveCodeBenchHA,
  title={LiveCodeBench: Holistic and Contamination Free Evaluation of Large Language Models for Code},
  author={Naman Jain and King Han and Alex Gu and Wen-Ding Li and Fanjia Yan and Tianjun Zhang and Sida Wang and Armando Solar-Lezama and Koushik Sen and Ion Stoica},
  journal={ArXiv},
  year={2024},
  volume={abs/2403.07974},
  url={https://api.semanticscholar.org/CorpusID:268379413}
}

@article{Chiang2024ChatbotAA,
  title={Chatbot Arena: An Open Platform for Evaluating LLMs by Human Preference},
  author={Wei-Lin Chiang and Lianmin Zheng and Ying Sheng and Anastasios Nikolas Angelopoulos and Tianle Li and Dacheng Li and Hao Zhang and Banghua Zhu and Michael Jordan and Joseph Gonzalez and Ion Stoica},
  journal={ArXiv},
  year={2024},
  volume={abs/2403.04132},
  url={https://api.semanticscholar.org/CorpusID:268264163}
}

@article{Zhou2023InstructionFollowingEF,
  title={Instruction-Following Evaluation for Large Language Models},
  author={Jeffrey Zhou and Tianjian Lu and Swaroop Mishra and Siddhartha Brahma and Sujoy Basu and Yi Luan and Denny Zhou and Le Hou},
  journal={ArXiv},
  year={2023},
  volume={abs/2311.07911},
  url={https://api.semanticscholar.org/CorpusID:265157752}
}

@article{Hendrycks2021MeasuringMP,
  title={Measuring Mathematical Problem Solving With the MATH Dataset},
  author={Dan Hendrycks and Collin Burns and Saurav Kadavath and Akul Arora and Steven Basart and Eric Tang and Dawn Xiaodong Song and Jacob Steinhardt},
  journal={ArXiv},
  year={2021},
  volume={abs/2103.03874},
  url={https://api.semanticscholar.org/CorpusID:232134851}
}

@inproceedings{He2024OlympiadBenchAC,
  title={OlympiadBench: A Challenging Benchmark for Promoting AGI with Olympiad-Level Bilingual Multimodal Scientific Problems},
  author={Chaoqun He and Renjie Luo and Yuzhuo Bai and Shengding Hu and Zhen Leng Thai and Junhao Shen and Jinyi Hu and Xu Han and Yujie Huang and Yuxiang Zhang and Jie Liu and Lei Qi and Zhiyuan Liu and Maosong Sun},
  booktitle={Annual Meeting of the Association for Computational Linguistics},
  year={2024},
  url={https://api.semanticscholar.org/CorpusID:267770504}
}

@misc{labelstudio,
  title={{Label Studio}: Data labeling software},
  url={https://github.com/HumanSignal/label-studio},
  note={Open source software available from https://github.com/HumanSignal/label-studio},
  author={
    Maxim Tkachenko and
    Mikhail Malyuk and
    Andrey Holmanyuk and
    Nikolai Liubimov},
  year={2020-2025},
}

@inproceedings{kwon2023efficient,
  title={Efficient Memory Management for Large Language Model Serving with PagedAttention},
  author={Woosuk Kwon and Zhuohan Li and Siyuan Zhuang and Ying Sheng and Lianmin Zheng and Cody Hao Yu and Joseph E. Gonzalez and Hao Zhang and Ion Stoica},
  booktitle={Proceedings of the ACM SIGOPS 29th Symposium on Operating Systems Principles},
  year={2023}
}

@article{Geng2025JSONSchemaBenchAR,
  title={Generating Structured Outputs from Language Models: Benchmark and Studies},
  author={Geng, Saibo and Cooper, Hudson and Moskal, Micha{\l} and Jenkins, Samuel and Berman, Julian and Ranchin, Nathan and West, Robert and Horvitz, Eric and Nori, Harsha},
  journal={arXiv preprint arXiv:2501.10868},
  year={2025}
}

@article{Si2024Design2CodeBM,
  title={Design2Code: Benchmarking Multimodal Code Generation for Automated Front-End Engineering},
  author={Si, Chenglei and Zhang, Yanzhe and Li, Ryan and Yang, Zhengyuan and Liu, Ruibo and Yang, Diyi},
  journal={arXiv preprint arXiv:2403.03163},
  year={2024}
}

@article{Wen2024OverleafCopilotEA,
  title={OverleafCopilot: Empowering Academic Writing in Overleaf with Large Language Models},
  author={Haomin Wen and Zhenjie Wei and Yan Lin and Jiyuan Wang and Yuxuan Liang and Huaiyu Wan},
  journal={ArXiv},
  year={2024},
  volume={abs/2403.09733},
  url={https://api.semanticscholar.org/CorpusID:268510595}
}

@article{Li2023TableGPTTG,
  title={Table-GPT: Table-tuned GPT for Diverse Table Tasks},
  author={Peng Li and Yeye He and Dror Yashar and Weiwei Cui and Song Ge and Haidong Zhang and Danielle Rifinski Fainman and Dongmei Zhang and Surajit Chaudhuri},
  journal={ArXiv},
  year={2023},
  volume={abs/2310.09263},
  url={https://api.semanticscholar.org/CorpusID:264127877}
}

@article{Su2024TableGPT2AL,
  title={TableGPT2: A Large Multimodal Model with Tabular Data Integration},
  author={Aofeng Su and Aowen Wang and Chaonan Ye and Chengcheng Zhou and Ga Zhang and Gang Chen and Guangcheng Zhu and Haobo Wang and Haokai Xu and Hao Chen and Haoze Li and Haoxuan Lan and Jiaming Tian and Jing Yuan and Junbo Zhao and Junlin Zhou and Kaizhe Shou and Liangyu Zha and Lin Long and Liyao Li and Peng Wu and Qi Zhang and Qingyi Huang and Sa Yang and Tao Zhang and Wen-Yuan Ye and Wufang Zhu and Xiaomeng Hu and Xijun Gu and Xinjie Sun and Xiang Li and Yuhang Yang and Zhiqing Xiao},
  journal={ArXiv},
  year={2024},
  volume={abs/2411.02059},
  url={https://api.semanticscholar.org/CorpusID:273812242}
}

@article{Lee2025FromTT,
  title={From Text to Visuals: Using LLMs to Generate Math Diagrams with Vector Graphics},
  author={Jaewook Lee and Jeongah Lee and Wanyong Feng and Andrew Lan},
  journal={ArXiv},
  year={2025},
  volume={abs/2503.07429},
  url={https://api.semanticscholar.org/CorpusID:276928444}
}


@inproceedings{Rodriguez2023StarVectorGS,
  title={StarVector: Generating scalable vector graphics code from images and text},
  author={Rodriguez, Juan A and Puri, Abhay and Agarwal, Shubham and Laradji, Issam H and Rajeswar, Sai and Vazquez, David and Pal, Christopher and Pedersoli, Marco},
  booktitle={Proceedings of the AAAI Conference on Artificial Intelligence},
  volume={39},
  pages={29691--29693},
  year={2025}
}

@article{Ku2025TheoremExplainAgentTM,
  title={TheoremExplainAgent: Towards Multimodal Explanations for LLM Theorem Understanding},
  author={Max W.F. Ku and Thomas Chong and Jonathan Leung and Krish Shah and Alvin Yu and Wenhu Chen},
  journal={ArXiv},
  year={2025},
  volume={abs/2502.19400},
  url={https://api.semanticscholar.org/CorpusID:276618117}
}

@article{Peddireddy2024EffectiveWA,
  title={Effective Workflow Automation in GitHub: Leveraging Bash and YAML},
  author={Abhiram Reddy Peddireddy},
  journal={Journal of Artificial Intelligence \& Cloud Computing},
  year={2024},
  url={https://api.semanticscholar.org/CorpusID:271141990}
}


@misc{openai2025gpt41,
  author       = {{OpenAI}},
  title        = {Introducing GPT-4.1 in the API},
  year         = {2025},
  month        = {April},
  day          = {14},
  url          = {https://openai.com/index/gpt-4-1/},
  note         = {Accessed: 2025-05-20}
}

@misc{qwen2.5,
    author = {Qwen Team},
    title = {Qwen2.5: A Party of Foundation Models},
    url = {https://qwenlm.github.io/blog/qwen2.5/},
    year = {2024}
}